<record><leader>00000cas a22000007a 4500</leader><controlfield tag="001">11663587</controlfield><controlfield tag="008">850206d1893189uwiudn ne      0    0eng d</controlfield><datafield ind1=" " ind2=" " tag="010"><subfield code="a">sn 85040141 </subfield></datafield><datafield ind1=" " ind2=" " tag="040"><subfield code="a">NPV</subfield><subfield code="b">eng</subfield><subfield code="c">NPV</subfield><subfield code="d">OCLCQ</subfield></datafield><datafield ind1=" " ind2=" " tag="042"><subfield code="a">msc</subfield></datafield><datafield ind1="0" ind2="4" tag="245"><subfield code="a">The Sheboygan review and the daily journal.</subfield></datafield><datafield ind1="1" ind2="3" tag="246"><subfield code="a">Daily review</subfield></datafield><datafield ind1="1" ind2="3" tag="246"><subfield code="a">Daily review and the daily journal</subfield></datafield><datafield ind1=" " ind2=" " tag="260"><subfield code="a">Sheboygan, Wis. :</subfield><subfield code="b">[s.n.]</subfield></datafield><datafield ind1=" " ind2=" " tag="300"><subfield code="a">v. :</subfield><subfield code="b">ill.</subfield></datafield><datafield ind1=" " ind2=" " tag="310"><subfield code="a">Daily (except Sun.)</subfield></datafield><datafield ind1="1" ind2=" " tag="362"><subfield code="a">Began in 1893?</subfield></datafield><datafield ind1=" " ind2=" " tag="588"><subfield code="a">Description based on: Eighth year, Dec. 20, 1893.</subfield></datafield><datafield ind1=" " ind2=" " tag="752"><subfield code="a">United States</subfield><subfield code="b">Wisconsin</subfield><subfield code="c">Sheboygan</subfield><subfield code="d">Sheboygan.</subfield></datafield></record>